
@article{kvisvik_sammenhengen_nodate,
	title = {Sammenhengen mellom h√∏yde og inntekt},
	url = {http://kvisvikconsulting.no/sammenhengen-mellom-hoyde-og-inntekt/},
	author = {Kvisvik, Eli},
}
